<?xml version="1.0" encoding="UTF-8"?><record xmlns="http://www.loc.gov/MARC21/slim" xmlns:cinclude="http://apache.org/cocoon/include/1.0" xmlns:zs="http://www.loc.gov/zing/srw/">
  <leader>00390nz  a2200133n  4500</leader>
  <controlfield tag="001">no2007136623</controlfield>
  <controlfield tag="003">DLC</controlfield>
  <controlfield tag="005">20071111075145.0</controlfield>
  <controlfield tag="008">071109n| acannaabn          |n aaa     c</controlfield>
  <datafield tag="010" ind1=" " ind2=" ">
    <subfield code="a">no2007136623</subfield>
  </datafield>
  <datafield tag="035" ind1=" " ind2=" ">
    <subfield code="a">(OCoLC)oca07577736</subfield>
  </datafield>
  <datafield tag="040" ind1=" " ind2=" ">
    <subfield code="a">PaPiCLS</subfield>
    <subfield code="b">eng</subfield>
    <subfield code="c">PaPiCLS</subfield>
  </datafield>
  <datafield tag="100" ind1="1" ind2=" ">
    <subfield code="a">Coppi, Doug</subfield>
  </datafield>
  <datafield tag="670" ind1=" " ind2=" ">
    <subfield code="a">George Frideric Handel's Messiah [VR] c2003:</subfield>
    <subfield code="b">credits (Doug Coppi; producer, director, editor)</subfield>
  </datafield>
</record>